<?xml version="1.0" encoding="UTF-8"?>
<OAI-PMH xmlns="http://www.openarchives.org/OAI/2.0/" xmlns:xsi="http://www.w3.org/2001/XMLSchema-instance" xsi:schemaLocation="http://www.openarchives.org/OAI/2.0/ http://www.openarchives.org/OAI/2.0/OAI-PMH.xsd">
  <ListRecords>
    <record>
      <header>
        <identifier>aleph-publish:006354908</identifier>
      </header>
      <metadata>
        <record xmlns="http://www.ddb.de/professionell/mabxml/mabxml-1.xsd">
          <leader>00698vM2.01200024------h</leader>
          <controlfield tag="LDR">00698vM2.01200024------h</controlfield>
          <controlfield tag="FMT">MH</controlfield>
          <datafield tag="001" ind1="-" ind2="1">
            <subfield code="a">HT003538502</subfield>
          </datafield>
          <datafield tag="002" ind1="a" ind2="1">
            <subfield code="a">19970912</subfield>
          </datafield>
          <datafield tag="003" ind1="-" ind2="1">
            <subfield code="a">20020312</subfield>
          </datafield>
          <datafield tag="025" ind1="o" ind2="1">
            <subfield code="a">243446801</subfield>
          </datafield>
          <controlfield tag="030">a|1uc||||||37</controlfield>
          <datafield tag="036" ind1="a" ind2="1">
            <subfield code="a">US</subfield>
          </datafield>
          <datafield tag="037" ind1="b" ind2="1">
            <subfield code="a">eng</subfield>
          </datafield>
          <controlfield tag="050">a|||||||||||||</controlfield>
          <controlfield tag="051">s|||||||</controlfield>
          <datafield tag="064" ind1="a" ind2="1">
            <subfield code="a">Aufsatzsammlung</subfield>
            <subfield code="9">(DE-588)4143413-4</subfield>
          </datafield>
          <datafield tag="070" ind1="-" ind2="1">
            <subfield code="a">465</subfield>
          </datafield>
          <datafield tag="070" ind1="b" ind2="1">
            <subfield code="a">6</subfield>
          </datafield>
          <datafield tag="080" ind1="-" ind2="1">
            <subfield code="a">60</subfield>
          </datafield>
          <datafield tag="100" ind1="b" ind2="1">
            <subfield code="p">Kincaid, John</subfield>
            <subfield code="b">[Hrsg.]</subfield>
          </datafield>
          <datafield tag="331" ind1="-" ind2="1">
            <subfield code="a">American federalism: the third century</subfield>
          </datafield>
          <datafield tag="359" ind1="-" ind2="1">
            <subfield code="a">special ed. of this vol.: John Kincaid</subfield>
          </datafield>
          <datafield tag="403" ind1="-" ind2="1">
            <subfield code="a">1. print.</subfield>
          </datafield>
          <datafield tag="410" ind1="-" ind2="1">
            <subfield code="a">Newbury Park [u.a.]</subfield>
          </datafield>
          <datafield tag="412" ind1="-" ind2="1">
            <subfield code="a">Sage</subfield>
          </datafield>
          <datafield tag="425" ind1="a" ind2="1">
            <subfield code="a">1990</subfield>
          </datafield>
          <datafield tag="433" ind1="-" ind2="1">
            <subfield code="a">206 S. : graph. Darst.</subfield>
          </datafield>
          <datafield tag="451" ind1="-" ind2="1">
            <subfield code="a">&lt;&lt;The&gt;&gt; annals of the American Academy of Political and Social Science ; 509</subfield>
          </datafield>
          <datafield tag="453" ind1="-" ind2="1">
            <subfield code="a">HT001371154</subfield>
          </datafield>
          <datafield tag="455" ind1="-" ind2="1">
            <subfield code="a">509</subfield>
          </datafield>
          <datafield tag="456" ind1="-" ind2="1">
            <subfield code="a">509</subfield>
          </datafield>
          <datafield tag="540" ind1="b" ind2="1">
            <subfield code="a">0-8039-3652-2</subfield>
          </datafield>
          <datafield tag="540" ind1="a" ind2="1">
            <subfield code="a">0-8039-3652-4</subfield>
          </datafield>
          <datafield tag="902" ind1="-" ind2="1">
            <subfield code="g">USA</subfield>
            <subfield code="9">(DE-588)4078704-7</subfield>
          </datafield>
          <datafield tag="902" ind1="-" ind2="1">
            <subfield code="s">Föderalismus</subfield>
            <subfield code="9">(DE-588)4017754-3</subfield>
          </datafield>
          <datafield tag="902" ind1="-" ind2="1">
            <subfield code="z">Geschichte 1900-1990</subfield>
          </datafield>
          <controlfield tag="SYS">006354908</controlfield>
          <datafield tag="LOW" ind1="-" ind2="1">
            <subfield code="a">K0001</subfield>
          </datafield>
          <datafield tag="LOW" ind1="-" ind2="1">
            <subfield code="a">B0001</subfield>
          </datafield>
          <datafield tag="LOW" ind1="-" ind2="1">
            <subfield code="a">K1027</subfield>
          </datafield>
          <datafield tag="952" ind1="-" ind2="1">
            <subfield code="g">United States of America</subfield>
          </datafield>
          <datafield tag="952" ind1="-" ind2="1">
            <subfield code="g">Vereinigte Staaten von Amerika</subfield>
          </datafield>
          <datafield tag="952" ind1="-" ind2="1">
            <subfield code="g">Nordamerika</subfield>
            <subfield code="h">USA</subfield>
          </datafield>
          <datafield tag="952" ind1="-" ind2="1">
            <subfield code="g">Amerika</subfield>
            <subfield code="h">USA</subfield>
          </datafield>
          <datafield tag="952" ind1="-" ind2="1">
            <subfield code="g">United States</subfield>
          </datafield>
          <datafield tag="952" ind1="-" ind2="1">
            <subfield code="g">United States of America</subfield>
          </datafield>
          <datafield tag="952" ind1="-" ind2="1">
            <subfield code="g">Etats Unis</subfield>
          </datafield>
          <datafield tag="952" ind1="-" ind2="1">
            <subfield code="g">Etats-Unis</subfield>
          </datafield>
          <datafield tag="952" ind1="-" ind2="1">
            <subfield code="g">Vereinigte Staaten</subfield>
          </datafield>
          <datafield tag="952" ind1="-" ind2="1">
            <subfield code="g">Estados Unidos de America</subfield>
          </datafield>
          <datafield tag="952" ind1="-" ind2="1">
            <subfield code="g">EEUU</subfield>
          </datafield>
          <datafield tag="952" ind1="-" ind2="1">
            <subfield code="g">Vereinigte Staaten von Nordamerika</subfield>
          </datafield>
          <datafield tag="952" ind1="-" ind2="1">
            <subfield code="g">Soedinennye Štaty Ameriki</subfield>
          </datafield>
          <datafield tag="952" ind1="-" ind2="1">
            <subfield code="g">SŠA</subfield>
          </datafield>
          <datafield tag="952" ind1="-" ind2="1">
            <subfield code="g">Stany Zjednoczone Ameryki Północnej</subfield>
          </datafield>
          <datafield tag="952" ind1="-" ind2="1">
            <subfield code="g">Hēnōmenai Politeiai tēs Boreiu Amerikēs</subfield>
          </datafield>
          <datafield tag="952" ind1="-" ind2="1">
            <subfield code="g">Hēnōmenes Politeies tēs Amerikēs</subfield>
          </datafield>
          <datafield tag="952" ind1="-" ind2="1">
            <subfield code="g">HēPA</subfield>
          </datafield>
          <datafield tag="952" ind1="-" ind2="1">
            <subfield code="g">Ēnōmenes Politeies tēs Amerikēs</subfield>
          </datafield>
          <datafield tag="952" ind1="-" ind2="1">
            <subfield code="g">ĒPA</subfield>
          </datafield>
          <datafield tag="952" ind1="-" ind2="1">
            <subfield code="g">Meiguo</subfield>
          </datafield>
          <datafield tag="952" ind1="-" ind2="1">
            <subfield code="g">Etats-Unis d'Amérique</subfield>
          </datafield>
          <datafield tag="952" ind1="-" ind2="1">
            <subfield code="g">US</subfield>
          </datafield>
          <datafield tag="952" ind1="-" ind2="1">
            <subfield code="s">Föderatives System</subfield>
          </datafield>
          <datafield tag="088" ind1=" " ind2=" ">
            <subfield code="a">294</subfield>
            <subfield code="b">00000023</subfield>
            <subfield code="c">ZRB80-507/509</subfield>
            <subfield code="e">keine ILL</subfield>
          </datafield>
          <datafield tag="088" ind1=" " ind2=" ">
            <subfield code="a">38/125</subfield>
            <subfield code="b">00125001</subfield>
            <subfield code="c">125/336/88</subfield>
            <subfield code="e">keine ILL</subfield>
          </datafield>
          <datafield tag="088" ind1=" " ind2=" ">
            <subfield code="a">708</subfield>
            <subfield code="c">ZZN/APSA</subfield>
            <subfield code="e">Keine Angabe</subfield>
          </datafield>
          <datafield tag="088" ind1=" " ind2=" ">
            <subfield code="a">468</subfield>
            <subfield code="b">04</subfield>
            <subfield code="c">ZA962-507/509</subfield>
            <subfield code="e">Magazin BZ, Präsenzbestand</subfield>
          </datafield>
          <datafield tag="088" ind1=" " ind2=" ">
            <subfield code="a">386/32</subfield>
            <subfield code="e">Keine Angabe</subfield>
          </datafield>
          <datafield tag="088" ind1=" " ind2=" ">
            <subfield code="a">6/NT</subfield>
          </datafield>
          <datafield tag="088" ind1=" " ind2=" ">
            <subfield code="a">38</subfield>
          </datafield>
        </record>
      </metadata>
    </record>
  </ListRecords>
</OAI-PMH>
